<?xml version="1.0" encoding="UTF-8"?><record xmlns="http://www.loc.gov/MARC21/slim" xmlns:cinclude="http://apache.org/cocoon/include/1.0" xmlns:zs="http://www.loc.gov/zing/srw/">
  <leader>00494cz  a2200145n  4500</leader>
  <controlfield tag="001">n 2009201148</controlfield>
  <controlfield tag="003">DLC</controlfield>
  <controlfield tag="005">20120107074928.0</controlfield>
  <controlfield tag="008">090430n| acannaabn          |a aaa      </controlfield>
  <datafield tag="010" ind1=" " ind2=" ">
    <subfield code="a">n 2009201148</subfield>
  </datafield>
  <datafield tag="040" ind1=" " ind2=" ">
    <subfield code="a">DLC</subfield>
    <subfield code="b">eng</subfield>
    <subfield code="c">DLC</subfield>
    <subfield code="d">DLC</subfield>
  </datafield>
  <datafield tag="100" ind1="1" ind2=" ">
    <subfield code="a">Wisudo, P. Bambang</subfield>
  </datafield>
  <datafield tag="400" ind1="1" ind2=" ">
    <subfield code="a">Wisudo, Bambang</subfield>
  </datafield>
  <datafield tag="670" ind1=" " ind2=" ">
    <subfield code="a">Kritis meliput pemilu, 2009:</subfield>
    <subfield code="b">t.p. (P. Bambang Wisudo)</subfield>
  </datafield>
  <datafield tag="670" ind1=" " ind2=" ">
    <subfield code="a">Bertaruh nyawa merajut damai, 2010:</subfield>
    <subfield code="b">t.p. verso (Bambang Wisudo) p. 203 (master in journalism, Ateneo Univ., Philippine, 2008)</subfield>
  </datafield>
</record>